<collection xmlns='http://www.loc.gov/MARC21/slim' xmlns:xsi='http://www.w3.org/2001/XMLSchema-instance' xsi:schemaLocation='http://www.loc.gov/standards/marcxml/schema/MARC21slim.xsd'>
  <record xmlns="http://www.loc.gov/MARC21/slim">
    <leader>00000ctm a2200000Ia 4500</leader>
    <controlfield tag="001">on1101189516</controlfield>
    <controlfield tag="008">190515s1706    ir p          000 0 per d</controlfield>
    <datafield tag="040" ind1=" " ind2=" ">
      <subfield code="a">PLF</subfield>
      <subfield code="b">eng</subfield>
      <subfield code="e">amremm</subfield>
      <subfield code="c">PLF</subfield>
      <subfield code="d">OCLCF</subfield>
    </datafield>
    <datafield tag="035" ind1=" " ind2=" ">
      <subfield code="a">(PLF)2455300</subfield>
    </datafield>
    <datafield tag="099" ind1=" " ind2=" ">
      <subfield code="a">Lewis O 42</subfield>
    </datafield>
    <datafield tag="049" ind1=" " ind2=" ">
      <subfield code="a">PLFF</subfield>
    </datafield>
    <datafield tag="100" ind1="0" ind2=" ">
      <subfield code="6">880-01</subfield>
      <subfield code="a">Ḥusayn</subfield>
      <subfield code="b">I,</subfield>
      <subfield code="c">Shah of Iran,</subfield>
      <subfield code="d">1668-1726.</subfield>
    </datafield>
    <datafield tag="245" ind1="1" ind2="0">
      <subfield code="6">880-02</subfield>
      <subfield code="a">[Vaqfnāmah-ʼi Shāh Sulṭān Ḥusayn Ṣafavī].</subfield>
    </datafield>
    <datafield tag="260" ind1=" " ind2=" ">
      <subfield code="a">[Iran],</subfield>
      <subfield code="c">1706.</subfield>
    </datafield>
    <datafield tag="300" ind1=" " ind2=" ">
      <subfield code="a">37 leaves :</subfield>
      <subfield code="b">paper, illuminations ;</subfield>
      <subfield code="c">229 x 160 (160 x 95) mm bound to 234 x 175 mm.</subfield>
    </datafield>
    <datafield tag="500" ind1=" " ind2=" ">
      <subfield code="a">Ms. codex.</subfield>
    </datafield>
    <datafield tag="520" ind1=" " ind2=" ">
      <subfield code="a">Endowment (waqf) document by Shāh Sulṭān Ḥusayn Ṣafavī (r. 1694-1721) for the establishment of a funeral parlor for washing and preparing bodies for burial for the poor of Iṣfahān. The first page of the work is missing; it begins now with what would likely have been the second of a dual-page illuminated first opening. When the work was rebound, each leaf was tipped to a stub with a blank leaf inserted between them. The waqf was transcribed in 1118 A.H. (1706) (f. 18v), though the Sultan's stamp is dated 1125 A.H. (1713) (f. 20r ). Four witness stamps are found in the lower left of each recto, with the exception of the leaf with the Sultan's stamp. Three items describing the manuscript and interpreting the endowment as the manuscript itself, rather than the building it seeks to establish, tipped in at the end.</subfield>
    </datafield>
    <datafield tag="546" ind1=" " ind2=" ">
      <subfield code="a">Persian.</subfield>
    </datafield>
    <datafield tag="500" ind1=" " ind2=" ">
      <subfield code="a">Title supplied by cataloger.</subfield>
    </datafield>
    <datafield tag="510" ind1="4" ind2=" ">
      <subfield code="a">Simsar, Muhammed Ahmed. Oriental manuscripts of the John Frederick Lewis Collection,</subfield>
      <subfield code="c">42.</subfield>
    </datafield>
    <datafield tag="500" ind1=" " ind2=" ">
      <subfield code="a">Foliation: Modern foliation, inclusive of all tipped in sheets, added in pencil, upper left recto; catchwords on verso of every written page, lower left.</subfield>
    </datafield>
    <datafield tag="500" ind1=" " ind2=" ">
      <subfield code="a">Layout: 5 long lines.</subfield>
    </datafield>
    <datafield tag="500" ind1=" " ind2=" ">
      <subfield code="a">Script: Written in thuluth in black and gold ink; pointed, partially vocalized.</subfield>
    </datafield>
    <datafield tag="500" ind1=" " ind2=" ">
      <subfield code="a">Decoration: Rubrications in gold. Textblock border-ruled in gold, blue, purple, green, and gold with thin gold rules between each line of text.</subfield>
    </datafield>
    <datafield tag="500" ind1=" " ind2=" ">
      <subfield code="a">Binding: Bound in red leather with gilt-stamped frame and interior edges; doublure of marbled paper; brass clasp; gilded edges.</subfield>
    </datafield>
    <datafield tag="500" ind1=" " ind2=" ">
      <subfield code="a">Origin: The item was prepared in 1118 A.H. (f. 18v) and stamped in 1125 A.H. (1713) (f. 20r). The name of the scribe and preparer is Muḥammad Bāqir ibn Ismāʻīl al-Ḥusaynī al-Khātūnʹābādī (f. 24v-26r).</subfield>
    </datafield>
    <datafield tag="500" ind1=" " ind2=" ">
      <subfield code="a">Four seals from the four witnesses at the lower left of each recto, except f. 20r.</subfield>
    </datafield>
    <datafield tag="500" ind1=" " ind2=" ">
      <subfield code="a">Three items, one in Persian and two in English, explaining what the book is, with some errors of interpretation, tipped in. The first item (f. 27-28), in Persian, is signed Nadhīr al-Dīn Ḥasan and states that he was asked to identify the manuscript by Mr. George Sanders after the manuscript was brought to India by a certain Jaʻfar ʻAlī who presented it to Markham Ṣāḥib Bahādur (a title) after which Mr. Markham presented the manuscript to General Tottsville on 30 August, 1806. The second item (f. 31-32) is a description in English of the manuscript, still with the understanding that the book itself is the endowment, likely sent along with the manuscript. The third item (f. 33-34), a letter dated 4 February 1803, addressed to Mr. Samuel Young, Esq. and signed Jaʻfar ʻAlī, says that he has described this book previously to Mr. Young and is now sending it to him.</subfield>
    </datafield>
    <datafield tag="500" ind1=" " ind2=" ">
      <subfield code="a">Two catalog entries inserted.</subfield>
    </datafield>
    <datafield tag="561" ind1="1" ind2=" ">
      <subfield code="a">Sold at the James Park sale (Part II) Anderson Auction Company (New York), 15 March 1910, lot 551 (catalog entry pasted onto inside back cover).</subfield>
    </datafield>
    <datafield tag="561" ind1="1" ind2=" ">
      <subfield code="a">Sold at the Baker-Kennedy-Doyle and Other Collections sale (Third Session) American Art Association (New York), 31 January 1923, lot 436 for $96 (catalog entry tipped in between f. 35 and 36; another copy pasted onto first flyleaf verso).</subfield>
    </datafield>
    <datafield tag="561" ind1="1" ind2=" ">
      <subfield code="a">Formerly owned by John Frederick Lewis.</subfield>
    </datafield>
    <datafield tag="600" ind1="0" ind2="0">
      <subfield code="a">Ḥusayn</subfield>
      <subfield code="b">I,</subfield>
      <subfield code="c">Shah of Iran,</subfield>
      <subfield code="d">1668-1726.</subfield>
    </datafield>
    <datafield tag="650" ind1=" " ind2="0">
      <subfield code="a">Waqf</subfield>
      <subfield code="z">Iran</subfield>
      <subfield code="v">Early works to 1800.</subfield>
    </datafield>
    <datafield tag="650" ind1=" " ind2="0">
      <subfield code="a">Endowments</subfield>
      <subfield code="z">Iran</subfield>
      <subfield code="v">Early works to 1800.</subfield>
    </datafield>
    <datafield tag="650" ind1=" " ind2="0">
      <subfield code="a">Manuscripts, Persian</subfield>
      <subfield code="y">18th century.</subfield>
    </datafield>
    <datafield tag="650" ind1=" " ind2="0">
      <subfield code="a">Manuscripts, Oriental</subfield>
      <subfield code="y">18th century.</subfield>
    </datafield>
    <datafield tag="600" ind1="0" ind2="7">
      <subfield code="a">Ḥusayn</subfield>
      <subfield code="b">I,</subfield>
      <subfield code="c">Shah of Iran,</subfield>
      <subfield code="d">1668-1726.</subfield>
      <subfield code="2">fast</subfield>
      <subfield code="0">(OCoLC)fst00379428</subfield>
    </datafield>
    <datafield tag="650" ind1=" " ind2="7">
      <subfield code="a">Endowments.</subfield>
      <subfield code="2">fast</subfield>
      <subfield code="0">(OCoLC)fst00909854</subfield>
    </datafield>
    <datafield tag="650" ind1=" " ind2="7">
      <subfield code="a">Manuscripts, Oriental.</subfield>
      <subfield code="2">fast</subfield>
      <subfield code="0">(OCoLC)fst01008453</subfield>
    </datafield>
    <datafield tag="650" ind1=" " ind2="7">
      <subfield code="a">Manuscripts, Persian.</subfield>
      <subfield code="2">fast</subfield>
      <subfield code="0">(OCoLC)fst01008462</subfield>
    </datafield>
    <datafield tag="650" ind1=" " ind2="7">
      <subfield code="a">Waqf.</subfield>
      <subfield code="2">fast</subfield>
      <subfield code="0">(OCoLC)fst01170323</subfield>
    </datafield>
    <datafield tag="651" ind1=" " ind2="7">
      <subfield code="a">Iran.</subfield>
      <subfield code="2">fast</subfield>
      <subfield code="0">(OCoLC)fst01204889</subfield>
    </datafield>
    <datafield tag="648" ind1=" " ind2="7">
      <subfield code="a">1700-1799</subfield>
      <subfield code="2">fast</subfield>
    </datafield>
    <datafield tag="655" ind1=" " ind2="7">
      <subfield code="a">Codices (bound manuscripts)</subfield>
      <subfield code="2">aat</subfield>
    </datafield>
    <datafield tag="655" ind1=" " ind2="7">
      <subfield code="a">Manuscripts (documents)</subfield>
      <subfield code="2">aat</subfield>
    </datafield>
    <datafield tag="655" ind1=" " ind2="7">
      <subfield code="a">Early works.</subfield>
      <subfield code="2">fast</subfield>
      <subfield code="0">(OCoLC)fst01411636</subfield>
    </datafield>
    <datafield tag="700" ind1="0" ind2=" ">
      <subfield code="6">880-03</subfield>
      <subfield code="a">Fatḥ ʻAlī,</subfield>
      <subfield code="d">active 1710,</subfield>
      <subfield code="e">witness.</subfield>
    </datafield>
    <datafield tag="700" ind1="1" ind2=" ">
      <subfield code="6">880-04</subfield>
      <subfield code="a">Ḥusaynī, Muḥammad Bāqir ibn Ḥasan,</subfield>
      <subfield code="d">active 1694,</subfield>
      <subfield code="e">witness.</subfield>
    </datafield>
    <datafield tag="700" ind1="0" ind2=" ">
      <subfield code="6">880-05</subfield>
      <subfield code="a">Muḥammad ibn Muḥammad Ḥusayn Shāh,</subfield>
      <subfield code="d">active 1708,</subfield>
      <subfield code="e">witness.</subfield>
    </datafield>
    <datafield tag="700" ind1="1" ind2=" ">
      <subfield code="6">880-06</subfield>
      <subfield code="a">Ḥusaynī, Murtaḍá,</subfield>
      <subfield code="d">active 1707,</subfield>
      <subfield code="e">witness.</subfield>
    </datafield>
    <datafield tag="700" ind1="1" ind2=" ">
      <subfield code="6">880-07</subfield>
      <subfield code="a">Khātūnʹābādī, Muḥammad Bāqir ibn Ismāʻīl al-Ḥusaynī,</subfield>
      <subfield code="d">active 1706,</subfield>
      <subfield code="e">scribe.</subfield>
    </datafield>
    <datafield tag="700" ind1="0" ind2=" ">
      <subfield code="6">880-08</subfield>
      <subfield code="a">Jaʻfar ʻAlī,</subfield>
      <subfield code="d">active 1803,</subfield>
      <subfield code="e">former owner.</subfield>
    </datafield>
    <datafield tag="700" ind1="1" ind2=" ">
      <subfield code="a">Young, Samuel,</subfield>
      <subfield code="c">Sir,</subfield>
      <subfield code="d">1766-1826,</subfield>
      <subfield code="e">associated name.</subfield>
    </datafield>
    <datafield tag="700" ind1="0" ind2=" ">
      <subfield code="6">880-09</subfield>
      <subfield code="a">Nadhīr al-Dīn Ḥasan,</subfield>
      <subfield code="e">associated name.</subfield>
    </datafield>
    <datafield tag="700" ind1="1" ind2=" ">
      <subfield code="a">Lewis, John Frederick,</subfield>
      <subfield code="d">1860-1932,</subfield>
      <subfield code="e">former owner.</subfield>
    </datafield>
    <datafield tag="700" ind1="1" ind2=" ">
      <subfield code="a">Lewis, Anne Baker,</subfield>
      <subfield code="d">1868-1937,</subfield>
      <subfield code="e">donor.</subfield>
    </datafield>
    <datafield tag="710" ind1="2" ind2=" ">
      <subfield code="a">American Art Association,</subfield>
      <subfield code="e">auctioneer.</subfield>
    </datafield>
    <datafield tag="710" ind1="2" ind2=" ">
      <subfield code="a">Anderson Galleries, Inc.,</subfield>
      <subfield code="e">auctioneer.</subfield>
    </datafield>
    <datafield tag="710" ind1="2" ind2=" ">
      <subfield code="a">Free Library of Philadelphia.</subfield>
      <subfield code="b">Rare Book Department.</subfield>
      <subfield code="b">John Frederick Lewis Collection of Oriental Manuscripts.</subfield>
    </datafield>
    <datafield tag="852" ind1=" " ind2=" ">
      <subfield code="b">Rare Book Department</subfield>
      <subfield code="a">Free Library of Philadelphia</subfield>
      <subfield code="e">Philadelphia</subfield>
      <subfield code="u">https://know.freelibrary.org/Record/2455300</subfield>
    </datafield>
    <datafield tag="955" ind1=" " ind2=" ">
      <subfield code="a">Gift of Anne Baker Lewis in 1933.</subfield>
    </datafield>
    <datafield tag="880" ind1="0" ind2=" ">
      <subfield code="6">100-01/(3/r</subfield>
      <subfield code="a">حسين</subfield>
      <subfield code="b">ا،</subfield>
      <subfield code="c">شاه ايران،</subfield>
      <subfield code="d">1668-1726.</subfield>
    </datafield>
    <datafield tag="880" ind1="1" ind2="0">
      <subfield code="6">245-02/(3/r</subfield>
      <subfield code="a">[وقفنامۀ شاه سلطان حسين صفوى].</subfield>
    </datafield>
    <datafield tag="880" ind1="0" ind2=" ">
      <subfield code="6">700-03/(3/r</subfield>
      <subfield code="a">فتح على،</subfield>
      <subfield code="d">active 1710.</subfield>
    </datafield>
    <datafield tag="880" ind1="1" ind2=" ">
      <subfield code="6">700-04/(3/r</subfield>
      <subfield code="a">حسينى، محمد باقر بن حسن،</subfield>
      <subfield code="d">active 1694.</subfield>
    </datafield>
    <datafield tag="880" ind1="0" ind2=" ">
      <subfield code="6">700-05/(3/r</subfield>
      <subfield code="a">محمد بن محمد حسين شاه،</subfield>
      <subfield code="d">active 1708.</subfield>
    </datafield>
    <datafield tag="880" ind1="1" ind2=" ">
      <subfield code="6">700-06/(3/r</subfield>
      <subfield code="a">حسينى، مرتضى،</subfield>
      <subfield code="d">active 1707.</subfield>
    </datafield>
    <datafield tag="880" ind1="1" ind2=" ">
      <subfield code="6">700-07/(3/r</subfield>
      <subfield code="a">خاتون‌آبادى، محمد باقر بن اسماعيل الحسينى،</subfield>
      <subfield code="d">active 1706.</subfield>
    </datafield>
    <datafield tag="880" ind1="0" ind2=" ">
      <subfield code="6">700-08/(3/r</subfield>
      <subfield code="a">جعفر على،</subfield>
      <subfield code="d">active 1803.</subfield>
    </datafield>
    <datafield tag="880" ind1="0" ind2=" ">
      <subfield code="6">700-09/(3/r</subfield>
      <subfield code="a">نذير الدين حسن،</subfield>
      <subfield code="e">associated name.</subfield>
    </datafield>
    <datafield tag="066" ind1=" " ind2=" ">
      <subfield code="c">(3</subfield>
      <subfield code="c">(4</subfield>
    </datafield>
  </record></collection>